@book{Pressman2016,
  author    = {Roger S. Pressman},
  title     = {Engenharia de Software},
  edition   = {8},
  address   = {São Paulo},
  publisher = {McGraw Hill Brasil},
  year      = {2016}
}

@book{Sommerville2011,
  author    = {Ian Sommerville},
  title     = {Engenharia de Software},
  edition   = {10},
  address   = {São Paulo},
  publisher = {Pearson Education do Brasil},
  year      = {2011}
}

@book{Larman2007,
  author    = {Craig Larman},
  title     = {Utilizando UML e padrões: uma introdução à análise e ao projeto orientado a objetos e ao processo unificado},
  edition   = {3},
  address   = {Porto Alegre},
  publisher = {Bookman},
  year      = {2007}
}

@misc{GitHubPages,
  author = {GitHub},
  title  = {GitHub Pages},
  url    = {https://pages.github.com},
  note   = {Acesso em: 5 jun. 2025}
}

@misc{W3SchoolsTutorial,
  author = {W3Schools},
  title  = {HTML, CSS, and JavaScript Tutorial},
  url    = {https://www.w3schools.com},
  note   = {Acesso em: 5 jun. 2025}
}

@misc{ScrumOrg,
  author = {Scrum.org},
  title  = {What is Scrum?},
  url    = {https://www.scrum.org/resources/what-is-scrum},
  note   = {Acesso em: 5 jun. 2025}
}
